<?xml version="1.0" encoding="UTF-8"?><collection xmlns="http://www.loc.gov/MARC21/slim"><record><leader>00480nam--2200157-i-4500</leader><controlfield tag="001">000007298</controlfield><controlfield tag="002">20161230</controlfield><controlfield tag="005">20170116233804</controlfield><controlfield tag="008">060222s1000------------r-----000-0-eng-d</controlfield><datafield ind1=" " ind2=" " tag="100"><subfield code="a">Accary, A</subfield></datafield><datafield ind1=" " ind2=" " tag="245"><subfield code="a">Etude de l usinage de barreaux de carbure d uranium obtenus par coulee continue sous bombardement electronique</subfield></datafield><datafield ind1=" " ind2=" " tag="260"><subfield code="a">Saclay</subfield><subfield code="b">Centre D Etudes Nucleaires</subfield><subfield code="c">1965</subfield></datafield><datafield ind1=" " ind2=" " tag="300"><subfield code="a">20 p. + 20 Figuri</subfield></datafield><datafield ind1=" " ind2=" " tag="700"><subfield code="a">Rousset, P</subfield></datafield><datafield ind1=" " ind2=" " tag="852"><subfield code="a">13455</subfield></datafield><datafield ind1=" " ind2=" " tag="CAT"><subfield code="a">SYS</subfield><subfield code="c">20170116</subfield><subfield code="h">233804</subfield></datafield></record></collection>